@inproceedings{karp1993mapping,
  title={Mapping the genome: some combinatorial problems arising in molecular biology},
  author={Karp, Richard M},
  booktitle={Proceedings of the twenty-fifth annual ACM symposium on Theory of computing},
  pages={278--285},
  year={1993},
  organization={ACM}
}

@book{storer1988data,
  title={Data compression: methods and theory},
  author={Storer, James A},
  year={1988},
  publisher={Computer Science Press, Inc.}
}

@article{sweedyk2000boldmath,
  title={A 2.5-Approximation Algorithm for Shortest Superstring},
  author={Sweedyk, Z},
  journal={SIAM Journal on Computing},
  volume={29},
  number={3},
  pages={954--986},
  year={2000},
  publisher={SIAM}
}

@article{tarhio1988greedy,
  title={A greedy approximation algorithm for constructing shortest common superstrings},
  author={Tarhio, Jorma and Ukkonen, Esko},
  journal={Theoretical Computer Science},
  volume={57},
  number={1},
  pages={131--145},
  year={1988},
  publisher={Elsevier}
}

@article{gallant1980finding,
  title={On finding minimal length superstrings},
  author={Gallant, John and Maier, David and Astorer, James},
  journal={Journal of Computer and System Sciences},
  volume={20},
  number={1},
  pages={50--58},
  year={1980},
  publisher={Elsevier}
}



